@misc{rombach2021highresolution,
      title={High-Resolution Image Synthesis with Latent Diffusion Models}, 
      author={Robin Rombach and Andreas Blattmann and Dominik Lorenz and Patrick Esser and Björn Ommer},
      year={2021},
      eprint={2112.10752},
      archivePrefix={arXiv},
      primaryClass={cs.CV}
}
@misc{alammar2022diffusion, 
  title={The Illustrated Stable Diffusion},
  author={Alammar, J},
  year={2022},
  url={https://jalammar.github.io/illustrated-stable-diffusion/}
}
@misc{weng2019gan,
    title={From GAN to WGAN},
    author={Lilian Weng},
    year={2019},
    eprint={1904.08994},
    archivePrefix={arXiv},
    primaryClass={cs.LG}
}
@misc{visualaevae,
  title={Towards an Interpretable Latent Space},
  author={Thilo Spinner and Jonas Körner and Jochen Görtler and Oliver Deussen},
  organization={University of Konstanz},
  url={https://thilospinner.com/towards-an-interpretable-latent-space/}
}
@misc{klgaussians,
  title={KL Divergence between 2 Gaussian Distributions},
  author={Rishabh Gupta},
  url={https://mr-easy.github.io/2020-04-16-kl-divergence-between-2-gaussian-distributions/}
}
@misc{pix2pix,
  doi = {10.48550/ARXIV.1611.07004},
  url = {https://arxiv.org/abs/1611.07004},
  author = {Isola, Phillip and Zhu, Jun-Yan and Zhou, Tinghui and Efros, Alexei A.},
  keywords = {Computer Vision and Pattern Recognition (cs.CV), FOS: Computer and information sciences, FOS: Computer and information sciences},
  title = {Image-to-Image Translation with Conditional Adversarial Networks},
  year = {2016},
}